%% This BibTeX bibliography file was created using BibDesk.
%% http://bibdesk.sourceforge.net/


%% Created for Brian Granger at 2011-12-06 10:55:50 -0800 


%% Saved with string encoding Western (ASCII) 



@article{Grover2001,
	Author = {L. K. Grover},
	Date-Added = {2011-12-06 10:54:29 -0800},
	Date-Modified = {2011-12-06 10:55:48 -0800},
	Journal = {Am. J. Phys},
	Number = {7},
	Pages = {769-777},
	Title = {From Schrodinger's equation to the quantum search algorithm},
	Volume = {69},
	Year = {2001}}


@manual{sympy,
	Author = {{SymPy Development Team}},
	Title = {{SymPy}: {P}ython library for symbolic mathematics},
	Url = {http://www.sympy.org},
	Year = {2011}}
